<record><leader>00000cas a22000007a 4500</leader><controlfield tag="001">18405965</controlfield><controlfield tag="008">880826d19591967iduwr ne      0    0eng d</controlfield><datafield ind1=" " ind2=" " tag="010"><subfield code="a">sn 88056000 </subfield></datafield><datafield ind1=" " ind2=" " tag="040"><subfield code="a">NVB</subfield><subfield code="b">eng</subfield><subfield code="c">NVB</subfield><subfield code="d">OCLCQ</subfield><subfield code="d">OCLCF</subfield><subfield code="d">OCLCO</subfield></datafield><datafield ind1=" " ind2=" " tag="042"><subfield code="a">msc</subfield></datafield><datafield ind1=" " ind2=" " tag="043"><subfield code="a">n-us-id</subfield></datafield><datafield ind1="0" ind2=" " tag="130"><subfield code="a">Intermountain (Pocatello, Idaho)</subfield></datafield><datafield ind1="1" ind2="4" tag="245"><subfield code="a">The intermountain.</subfield></datafield><datafield ind1=" " ind2=" " tag="260"><subfield code="a">Pocatello, Idaho :</subfield><subfield code="b">Intermountain Publishers</subfield></datafield><datafield ind1=" " ind2=" " tag="300"><subfield code="a">v.</subfield></datafield><datafield ind1=" " ind2=" " tag="310"><subfield code="a">Weekly</subfield></datafield><datafield ind1="0" ind2=" " tag="362"><subfield code="a">Vol. 8, no. 17 (May 29, 1959)-v. 16, no. 35 (Aug. 31, 1967).</subfield></datafield><datafield ind1=" " ind2="0" tag="651"><subfield code="a">Pocatello (Idaho)</subfield><subfield code="v">Newspapers.</subfield></datafield><datafield ind1=" " ind2="7" tag="655"><subfield code="a">Newspapers.</subfield><subfield code="2">fast</subfield><subfield code="0">(OCoLC)fst01423814</subfield></datafield><datafield ind1=" " ind2="7" tag="651"><subfield code="a">Idaho</subfield><subfield code="z">Pocatello.</subfield><subfield code="2">fast</subfield><subfield code="0">(OCoLC)fst01202833</subfield></datafield><datafield ind1=" " ind2=" " tag="752"><subfield code="a">United States</subfield><subfield code="b">Idaho</subfield><subfield code="c">Bannock</subfield><subfield code="d">Pocatello.</subfield></datafield><datafield ind1="0" ind2="0" tag="780"><subfield code="t">Intermountain and Alameda enterprise</subfield><subfield code="w">(DLC)sn 88056001</subfield></datafield><datafield ind1="0" ind2="7" tag="785"><subfield code="t">Idaho observer</subfield><subfield code="w">(DLC)sn 88056007</subfield></datafield><datafield ind1="0" ind2="7" tag="785"><subfield code="t">Intermountain observer</subfield><subfield code="w">(DLC)sn 86091082</subfield></datafield></record>